3436 5672
318 603 423 694 dum
444 617 521 704 est,
544 595 664 717 quod
677 593 916 683 Lexarzam
932 595 1122 684 maxime
1143 611 1412 714 ornatatque
1430 628 1551 692 cont·⁴

314 741 520 840 mandat,
570 735 778 856 quodque
827 767 917 822 nno
949 737 1038 820 ictu
1083 752 1271 852 quantus
1318 735 1546 856 qualisque

312 889 445 982 fuerit
464 899 649 976 ostentat
667 875 956 995 apertissime:
991 873 1197 991 equidem
1214 872 1283 958 uir
1300 873 1540 985 modestus,

315 1050 576 1139 temperans,
599 1020 868 1115 mitissimus,
891 1045 970 1102 nec
991 1011 1146 1100 audaci
1170 1012 1405 1128 praeditus*
1423 1023 1545 1104 natu·

314 1193 379 1264 ra,
403 1165 563 1278 patriae
583 1179 727 1245 tamen
758 1156 945 1268 agitatus
972 1183 1135 1252 amore,
1173 1150 1381 1237 libertatis
1399 1174 1542 1270 partes

237 1363 243 1372 -
314 1298 614 1390 ardentissime
630 1293 900 1410 atnplexatus
919 1309 997 1394 est,
1018 1308 1148 1407 atque
1176 1287 1352 1404 optimis
1384 1309 1424 1375 et
1443 1295 1539 1380 ani·

270 1464 272 1472 ’
313 1437 448 1526 mosis
467 1435 728 1522 secundatus
750 1431 932 1534 nivibus,
958 1428 1276 1516 iturbidiauutn
1308 1430 1426 1543 apud
1447 1428 1543 1521 Μὶν.

275 1593 278 1600 ’
312 1575 634 1662 ehuacanenses
659 1567 897 1690 imperium
923 1564 1219 1669 labefactavit,
1252 1565 1542 1686 funditusque

313 1709 479 1798 evertit.
950 1819 953 1826 Ι
1040 1731 1043 1744 ·

280 1837 313 1878 ”
396 1843 586 1936 Lexarza
603 1848 738 1964 igitur
755 1843 1123 1962 praestantissimo
1156 1859 1283 1961 atque
1303 1843 1536 1962 incompa-

309 1985 436 2076 rabili
454 1987 647 2072 extincto
666 1985 773 2085 eive
811 1985 945 2100 gqnid
962 1981 1241 2082 aliodrense,
1261 1982 1342 2068 nisi
1360 2002 1409 2068 ut
1423 1982 1538 2070 illius

306 2124 568 2210 memoriam
605 2121 889 2240 quantumin
921 2121 1047 2242 nobis
1076 2121 1129 2207 sit
1149 2123 1437 2224 demeremus,-
1456 2141 1538 2208 ut-

310 2292 393 2378 que
411 2258 705 2347 immortalem
731 2259 777 2343 in
807 2258 925 2344 fastis
943 2257 1095 2346 saltem
1130 2260 1354 2346 botanieae
1374 2259 1533 2346 redda-

304 2398 428 2484 mus?
461 2397 582 2516 qnod
602 2396 812 2513 proferto,
842 2395 937 2509 μυί
960 2397 1255 2512 potiusquam
1281 2397 1405 2499 mihi,
1429 2396 1535 2482 ami-

305 2565 374 2638 co,
415 2535 744 2637 collaboratori,
774 2555 816 2618 et.
848 2534 1208 2620 orchidianarum
1234 2536 1325 2650 ejus
1354 2537 1534 2626 iconum

304 2693 483 2760 naturae
506 2672 723 2758 coloribus
741 2699 1040 2784 expressarum
1058 2671 1248 2766 haeredi,
1262 2692 1336 2758 aut
1356 2675 1532 2790 quando

304 2808 443 2920 magis
462 2807 768 2922 usurpandum
787 2825 863 2906 est,
898 2835 1032 2921 qnam
1052 2837 1152 2892 cnm
1182 2807 1342 2894 editam
1363 2807 1530 2897 Stadis-

303 2948 435 3034 tioam
468 2948 559 3061 ejus
588 2945 804 3045 vidimus,
841 2944 1236 3060 orchidiannmque
1265 2946 1529 3063 opusculum

301 3085 387 3172 hoc
407 3084 615 3170 fasciculo
635 3083 842 3169 traditum
874 3081 1156 3168 exhibemus?
1184 3077 1310 3192 Quae
1347 3115 1449 3170 eum
1469 3087 1527 3172 ita

302 3226 389 3310 sint
410 3222 555 3310 officio
593 3255 660 3307 me
680 3219 929 3307 satisfecisse
948 3238 1172 3322 aestuum,
1196 3249 1299 3304 cunt
1334 3221 1529 3339 plantam
1579 3219 1584 3226 ’

281 3362 472 3446 nomini
503 3364 592 3474 ejus
629 3387 851 3468 nuncupo,
888 3375 1049 3442 statura
1079 3387 1320 3473 proceram,
1344 3358 1526 3448 floribus

301 3515 498 3584 ornatam
522 3493 845 3593 odoratissimis,
882 3491 1042 3578 familia
1070 3492 1334 3606 singularem
1365 3499 1522 3607 aduro-

302 3631 426 3730 dum,
451 3631 740 3746 omnibusque
761 3631 954 3714 numeris
973 3659 1130 3731 ratane
1165 3651 1206 3716 et
1224 3632 1522 3737 magnificamt

299 3766 459 3870 etenim
474 3761 734 3883 piramidalis
749 3765 941 3852 funebris
957 3769 1123 3856 arboris
1140 3788 1350 3885 aspectus,
1373 3789 1416 3856 et
1430 3755 1525 3860 luc·

299 3927 396 3995 tum
417 3927 614 3993 nostrum
636 3907 853 4024 exprimit,
884 3926 924 3992 et
943 3909 1063 4024 quod
1091 3908 1330 4020 gloriosum
1353 3907 1414 3996 illi
1434 3941 1519 3996 no·

297 4077 414 4143 tuenq
438 4066 742 4162 aeternamque
764 4044 1008 4130 beatitatem
1040 4065 1307 4160 exoptamus·
1356 4043 1522 4139 Mexici
