3436 5672
181 1475 417 1660 Joauuts
446 1565 643 1658 textum
676 1600 855 1658 mecum
885 1572 1076 1660 amicitia
1112 1575 1394 1691 conjunctus,
1528 1641 1536 1660 .

177 1741 228 1798 ac
248 1711 294 1796 in
314 1709 625 1796 fasciculorum
645 1709 970 1824 eluctmratiouo
997 1709 1288 1798 collaborator
1308 1711 1401 1798 dili·

177 1847 452 1965 gentissimus
472 1863 515 1930 et
527 1835 946 1959 experientissimus,
968 1875 1071 1930 cum
1088 1848 1399 1938 Omaidzanum

177 1989 268 2098 ejus
287 1981 553 2098 opusculum
568 1981 650 2067 sub
671 1981 819 2098 praelo
835 1983 923 2095 jam
942 2001 1063 2082 esset,
1087 2010 1333 2102 novamque.
1352 1987 1399 2076 in

176 2115 402 2236 posterum
433 2106 680 2234 plantarum
703 2116 1015 2234 supellectilem
1043 2141 1227 2234 pararet,
1261 2121 1399 2209 inui-

175 2283 277 2340 rum
296 2285 347 2342 ac
370 2255 628 2345 diuturnum
649 2255 888 2372 implicitus
911 2257 1135 2360 morbum,
1155 2289 1205 2346 ac
1221 2260 1397 2352 taudem

175 2393 341 2478 viribus
375 2392 577 2510 postratis
595 2421 644 2476 ar
675 2392 845 2508 penitus
878 2413 1178 2508 consumptus,
1210 2395 1400 2484 calendis

140 2613 146 2624 ,
173 2531 430 2646 septembris
447 2530 550 2615 anni
570 2529 805 2646 superioris
826 2529 1004 2615 excessit
1024 2535 1046 2616 ὲ
1067 2530 1188 2618 vivis.
1221 2527 1398 2618 Extinc-

171 2684 269 2752 tum
289 2685 351 2752 est.
370 2665 488 2782 apud
509 2695 588 2752 uos
608 2666 835 2752 botanicae
855 2666 1029 2772 lumem
1060 2667 1181 2782 luget
1199 2665 1248 2754 M
1252 2669 1401 2756 icbua·

172 2829 302 2890 canae
326 2822 566 2890 conventus
579 2802 748 2905 sirum,
770 2813 928 2920 quaem
950 2806 1112 2918 patriae
1133 2826 1301 2922 patrem
1328 2808 1397 2894 de·

174 2957 241 3024 cet
259 2938 459 3054 apellare,
478 2968 647 3052 nosque
666 2969 819 3024 omues
835 2939 891 3024 ad
920 2970 1031 3054 quos
1052 2961 1123 3026 tan
1145 2944 1313 3028 emeriti
1335 2945 1398 3028 ci·

172 3075 238 3160 vis
268 3072 420 3158 notitia
455 3071 673 3186 peruenit,
711 3071 818 3154 huic
844 3101 994 3184 parem
1030 3075 1399 3188 diu-desiderabi·
1500 3097 1501 3102 '

173 3243 286 3297 mus.
318 3207 404 3293 Sed
430 3209 485 3296 ab
503 3205 628 3292 initio
647 3224 710 3290 est
725 3205 1003 3292 ordiendum.
1039 3207 1232 3294 Lexarza
1257 3207 1395 3298 Valli-

27 3323 29 3362 z
132 3379 136 3384 ·
175 3341 874 3434 soletiMichuacanensiumanno
899 3342 1396 3462 milassimoseptingeu-

137 3557 138 3562 e
176 3484 454 3572 tessimoocto
465 3480 651 3596 gessimo
666 3483 820 3600 quinto
838 3485 860 3566 ir
882 3479 1042 3568 farnilia
1056 3513 1212 3596 genere
1233 3504 1275 3572 et
1298 3486 1396 3602 opi·

173 3622 258 3710 bos
286 3619 447 3706 valenti
478 3618 619 3706 editus
649 3635 727 3720 est,
753 3637 890 3734 atque
922 3617 1134 3708 initiobis
1153 3621 1394 3730 doctrinis,

176 3759 333 3876 quibus
350 3758 537 3870 ingenua
566 3756 748 3871 pueritia
777 3756 992 3870 impertiri
1008 3757 1134 3860 solet,
1157 3781 1255 3874 post
1285 3794 1393 3852 vero

175 3891 570 4009 Peripateticorum
598 3887 902 4002 Philosophiae
943 3891 1032 3992 (sic
1062 3894 1178 3976 euim
1216 3895 1394 3986 illorum

176 4049 428 4144 temporum
457 4025 651 4114 conditio
669 4022 852 4130 ferebat)
881 4025 1065 4126 deditus,
1096 4029 1253 4116 nobilis
1280 4033 1394 4120 iuter

93 4210 97 4218 ·
177 4164 375 4291 aequales
405 4163 726 4263 aestimabatur,
755 4159 1044 4279 facillimeque
1072 4164 1393 4285 condiscipulos

178 4303 471 4392 antecellebat.
505 4297 834 4388 Duodecimum
852 4303 999 4388 aetatis
1027 4306 1176 4414 agebat
1196 4335 1390 4415 aunum,

180 4471 282 4530 cum
315 4441 371 4526 ad
398 4439 505 4526 illud
533 4439 807 4554 mexicanum
829 4437 1011 4527 Liceum
1027 4445 1267 4549 ,translatus
1297 4466 1387 4551 est,

178 4583 251 4666 rui
272 4607 521 4666 maxumam
554 4605 757 4694 peperere
778 4574 1082 4680 celebritatem,
1117 4599 1158 4664 et
1187 4579 1393 4696 hispanus
1510 4575 1516 4580 ’

176 4713 346 4818 Debio,
371 4715 447 4834 qui
465 4744 636 4802 summa
656 4743 756 4800 eum
775 4711 901 4802 laude
924 4714 1102 4827 triginta
1115 4717 1168 4802 ab
1189 4715 1290 4804 binc
1312 4749 1393 4806 ao·
1525 4787 1528 4794 .

117 4899 120 4904 ·
177 4855 246 4944 nis
263 4852 590 4970 mineralogiam
612 4849 856 4973 profitetur,
876 4867 927 4940 ,et
954 4847 1121 4972 Oteiza,
1144 4847 1330 4977 Chotel,
1350 4877 1394 4946 et
