3436 5672
187 608 269 729 piis
286 603 513 724 impensis,¹
531 627 665 718 &qtae
682 596 839 696 marist
846 625 896 682 ro
916 615 957 682 et
975 593 1172 698 duetore,
1208 593 1417 686 Michuaa

185 745 391 834 tlensium
410 739 651 854 vegetantis
671 757 713 824 et
732 736 968 823 animantia
983 735 1310 856 quaroplurima
1331 735 1417 822 col·

188 883 341 998 legerit
360 909 412 967 ac
430 874 740 998 descripserit,
769 875 965 988 ejusdem
1002 872 1178 962 ditionis
1212 873 1416 966 Estadet».

132 1001 135 1010 ’
188 1025 319 1108 ticam
336 1015 645 1133 composuerit,
662 1043 713 1100 ac
729 1011 1068 1128 geographicam
1090 1009 1187 1098 char
1198 1030 1283 1096 tam
1303 1041 1422 1129 mag·

189 1185 245 1246 na
264 1187 318 1242 ex
340 1174 459 1271 parte
491 1151 732 1250 invenerit,
768 1170 896 1266 atque
924 1147 1134 1238 industrie
1168 1146 1419 1237 elaborave-

189 1296 260 1384 ri't.
289 1291 481 1380 Pulchra
497 1311 600 1379 suot
618 1291 742 1388 baec,
768 1289 987 1404 dignaque
1009 1308 1053 1376 ut
1074 1285 1258 1374 summis
1278 1319 1442 1406 prose·-

196 1452 390 1549 quaotur
416 1428 634 1527 laudibus,
657 1427 733 1514 sed
766 1424 992 1544 pulchrius
1018 1425 1241 1540 magisque
1255 1427 1424 1540 ,glorio-

193 1601 308 1668 sum,
325 1599 372 1654 se
387 1587 530 1652 totum
547 1565 807 1680 reipublicae
827 1563 1239 1663 consumatorem
1257 1566 1422 1654 civium

90 1735 98 1751 ²
192 1738 242 1794 ac
279 1704 516 1793 commoda
548 1732 806 1819 procurare,
841 1733 885 1788 se
921 1731 1086 1818 suaque
1122 1702 1334 1800 oblivisci,
1376 1720 1424 1788 ut

93 1876 113 1900 ν
193 1842 506 1956 communibus
534 1837 1070 1940 consulaturratiooibus3
1106 1867 1215 1953 quae
1241 1839 1423 1954 quidem
1523 1949 1531 1958 Ι

191 1981 342 2068 omnia
361 1997 479 2062 tauta
496 1974 632 2061 animi
652 1976 929 2060 contentione
951 1973 996 2060 iu
1017 1973 1102 2060 vita
1122 1973 1311 2062 Lexarua
1331 2007 1424 2092 per·

194 2093 327 2218 lecit,
363 2133 413 2199 ut
432 2113 576 2232 potius
595 2141 728 2228 quarn
764 2112 804 2196 vi
826 2112 998 2211 morbi,
1038 2113 1197 2200 laboris
1229 2117 1422 2231 pondere

194 2253 380 2342 obtutus
400 2283 448 2337 ac
470 2251 664 2338 sublatus
684 2250 899 2364 predicari
919 2251 1066 2365 possit.

282 2389 354 2474 Ad
377 2388 483 2474 haec
503 2387 692 2472 horrores
717 2415 803 2470 oon
839 2387 958 2501 petiit
980 2419 1081 2474 cum
1108 2409 1320 2506 paterent,
1348 2393 1425 2480 scd

195 2521 314 2614 ultro
347 2525 386 2642 ei
421 2527 445 2610 a
478 2524 746 2622 concivibus,
788 2523 1139 2642 reipublicacque
1181 2529 1424 2616 rectoribus

192 2681 350 2780 sponte
371 2659 499 2748 delati
519 2678 633 2746 suot.
663 2657 734 2746 Sia
770 2679 835 2746 ter
853 2691 955 2749 curn
984 2657 1280 2752 vallisoletani
1306 2655 1420 2754 'elec-

195 2819 336 2886 torem
370 2796 626 2913 popularem
663 2799 1003 2896 constituerunt,
1040 2820 1080 2888 ct
1112 2804 1259 2890 aedilis
1284 2805 1424 2894 factus

196 2955 273 3030 cst,
294 2955 339 3020 et
358 2935 543 3046 conlegii
564 2933 841 3048 prroviocialis
867 2932 956 3019 Vll
989 2937 1067 3037 vir,
1093 2969 1143 3025 ac
1167 2945 1423 3033 laudomari

194 3071 464 3185 Supremurn
476 3067 891 3154 Mirhuacancusero
903 3094 1167 3160 conventum
1185 3077 1419 3190 apellatus;

194 3211 408 3324 jamvero
430 3225 472 3289 et
496 3203 621 3316 Teios
648 3206 979 3319 praefecturam,
1008 3229 1049 3294 et
1073 3211 1423 3305 hormriliceotis·

195 3344 405 3434 simarum
430 3339 696 3455 legationum
724 3345 747 3428 a
774 3344 949 3429 secretis
980 3377 1092 3446 esse,
1132 3351 1339 3465 quoniam
1375 3354 1421 3442 id

197 3481 414 3568 dimittere
446 3479 623 3582 licebat,
659 3481 883 3570 recusavit.
918 3481 1127 3587 Militiae,
1165 3521 1266 3576 curn
1308 3497 1443 3579 inter

197 3649 356 3738 pueros
385 3617 532 3705 adhuc
564 3641 828 3723 versarctur,
867 3621 966 3710 licet
1002 3623 1165 3740 ingenii
1200 3629 1419 3718 docilitate

199 3758 545 3871 dulcissimisque
577 3756 889 3845 reluctantibus
926 3764 1124 3850 moribus
1150 3757 1417 3880 adscriptus,

200 3895 256 3979 ad
268 3893 576 4004 pmchiliarcln'
597 3892 782 4007 gradum
810 3915 992 3990 mature,
1029 3927 1109 3982 nec
1128 3900 1420 3990 intercedente

198 4029 346 4118 favore
368 4029 579 4145 pervenit,
600 4048 793 4142 trrnrque
806 4029 871 4116 uti
890 4027 1075 4117 vicarius
1087 4032 1273 4146 collegio
1293 4068 1420 4156 coop-

200 4187 314 4254 tatus
349 4163 501 4252 estrui
534 4181 774 4252 castrorum
810 4165 1078 4280 praefectura
1117 4173 1415 4278 courmititur,

200 4302 557 4420 itinerariumque
575 4300 759 4388 militare
780 4303 964 4420 scripsit,
986 4307 1104 4422 quod
1123 4339 1294 4396 summa
1315 4343 1418 4398 cum

199 4441 328 4530 laude
348 4471 577 4556 supremus
608 4441 672 4566 rei
689 4440 864 4530 bellicae
883 4463 1053 4531 senatus
1076 4449 1259 4567 excepit,
1287 4469 1417 4566 atquc

193 4580 416 4699 probavit.
451 4575 535 4665 Sed
568 4598 666 4666 ante
698 4609 828 4697 quam
860 4579 991 4667 finem
1027 4583 1204 4685 luciam,
1235 4591 1419 4688 (vercor

201 4720 316 4806 cuim
336 4748 389 4804 oe
409 4747 509 4803 curn
531 4717 623 4802 talis
642 4745 847 4832 personae
871 4717 1132 4836 amplificare
1160 4722 1305 4822 velim,
1326 4727 1416 4816 mie

199 4887 334 4953 nuum
363 4860 563 4976 gloriam)
589 4858 698 4946 illud
722 4891 861 4949 curun
890 4859 1070 4948 minime
1091 4869 1417 4979 pretermittere
