3436 5672
308 547 518 640 Valeneia
550 547 781 644 mexicanl,
812 575 1002 666 quornm
1032 545 1198 664 primos
1221 543 1329 632 nulli
1350 575 1530 660 geome-

306 709 474 778 trarum
492 687 711 776 secundus
738 685 843 788 fuit,
870 683 1025 801 reliqui
1046 714 1150 770 vero
1184 682 1425 772 inscientia
1445 690 1532 776 mi·

304 825 552 939 nrralogica
577 823 810 942 principes,
844 840 975 939 atque
1002 819 1046 908 in
1064 820 1220 908 odium
1241 820 1466 926 libertatis,
1504 826 1531 916 6

305 963 600 1052 Reulr'stannn
625 957 786 1046 ferocia
810 957 1031 1058 trucidati,
1061 957 1308 1044 academiae
1337 959 1531 1076 palmam

307 1129 411 1186 cum
440 1095 694 1184 elarioribus
722 1094 958 1213 triumphis
990 1096 1268 1208 conjunxere.
1293 1091 1346 1180 ln
1374 1127 1528 1212 perre-

303 1235 414 1324 lebri
434 1237 517 1324 isto
534 1230 794 1332 Seminario,
817 1232 1023 1350 physiciS,
1046 1232 1363 1319 mathematicis
1380 1263 1430 1318 ae
1457 1239 1529 1320 de·

302 1373 567 1462 lineatorum
602 1389 692 1458 arte
714 1371 864 1456 decem
892 1388 935 1454 et
961 1388 1064 1456 octo
1080 1370 1297 1456 mensium
1316 1375 1455 1488 spatio
1485 1407 1528 1463 se

306 1508 517 1608 exercuit,
551 1535 601 1592 oo
631 1505 677 1594 iu
710 1525 929 1593 certamen
959 1525 1162 1606 voratus,
1184 1501 1530 1602 Humholdtium

301 1641 663 1758 interrogatorem
683 1643 840 1730 babuit·
852 1663 893 1729 et
910 1642 1205 1759 bodatorem3
1237 1646 1313 1732 sed
1331 1648 1530 1739 scholam

301 1783 575 1904 relinquens,
610 1779 1142 1890 nee-minemtogtsorum
1168 1784 1390 1872 curriculo
1417 1817 1527 1875 con-

301 1922 436 2021 ferto,
456 1921 502 2007 io
530 1920 715 2007 domum
751 1937 995 2018 revocatus,
1025 1917 1307 2008 familiaribus
1337 1922 1528 2015 intentus

304 2058 527 2172 negotiis,
560 2086 613 2144 ar
642 2056 787 2143 studia
818 2056 1136 2158 intermittens,
1191 2055 1421 2172 ingloriam
1452 2083 1528 2151 aut
1572 2115 1575 2122 ,

301 2224 392 2285 non
412 2195 514 2284 satis
530 2193 749 2281 illustrem.
771 2194 974 2304 transegit
1002 2193 1354 2284 adolescentiam.
1389 2194 1440 2284 lo
1459 2202 1530 2286 vi·-

301 2333 489 2450 grssinao
508 2332 617 2420 vitae
635 2361 737 2420 suae
763 2332 1156 2434 versabatnraooo,
1183 2362 1289 2420 eum
1314 2336 1527 2428 beatitatis

303 2470 566 2560 domesticae
591 2471 782 2585 jacturae.
809 2469 1012 2556 solatium
1033 2500 1260 2587 quaerens,
1291 2472 1448 2560 iterum
1477 2506 1524 2564 se

303 2611 359 2698 ad
376 2609 523 2698 studia
545 2605 782 2694 revocavit:
816 2625 963 2721 portas
987 2625 1027 2692 et
1051 2610 1523 2700 oratoresavldissnrna

302 2747 503 2864 perlegit,
524 2745 763 2832 identidem
784 2745 1008 2834 historiam
1035 2744 1283 2846 addidiscit,
1318 2769 1360 2844 et
1382 2751 1522 2836 musi·-

303 2886 365 2972 cis
382 2915 427 2971 se
444 2883 582 2984 dedit,
604 2881 827 3000 inquibus
854 2881 1039 2969 ductore
1060 2913 1163 2970 usus
1191 2906 1253 2972 est
1286 2889 1523 3003 percelebri

164 3004 173 3024 ⁸
301 3019 662 3110 Michoaranensi
694 3019 913 3132 Elizugu,
950 3047 1081 3136 quern
1114 3043 1267 3114 natura
1303 3027 1522 3114 musirum

300 3159 441 3262 finxit,
469 3159 668 3246 doctrina
687 3184 792 3242 vero
812 3157 867 3242 ad
888 3157 1061 3244 culmen
1081 3162 1184 3246 artis
1203 3163 1364 3251 evexit:
1392 3165 1453 3250 sie
1480 3185 1523 3252 et

300 3297 430 3410 ligata
451 3295 761 3412 componendo
781 3295 992 3396 oratione,
1017 3283 1067 3380 et'
1079 3297 1290 3408 gallorum
1312 3304 1521 3390 vertendo

301 3432 450 3546 libros,
472 3449 515 3516 et
533 3430 697 3516 musica
715 3427 909 3518 ludendo
939 3431 1241 3538 iustrumenta,
1268 3439 1322 3522 ad
1357 3441 1521 3552 majora

303 3599 348 3656 ee
365 3568 575 3653 insciente
595 3570 787 3684 parabat,
812 3588 852 3653 et
874 3571 1183 3685 pessundatum
1211 3603 1407 3658 moerore
1425 3578 1522 3662 ani·

305 3735 428 3794 mum
448 3702 679 3793 reficiebate
717 3703 987 3792 Adventante
1008 3735 1084 3823 per
1103 3708 1146 3794 id
1169 3712 1375 3828 temporis
1396 3713 1517 3800 ‚ami-

303 3876 372 3945 ro,
393 3847 448 3932 ab
463 3873 604 3962 eoque
629 3842 672 3930 in
693 3843 918 3932 botanicae
944 3847 1140 3933 eruditus
1170 3849 1405 3950 elementis,
1439 3881 1518 3940 nec

301 3985 377 4076 aeri
403 4015 483 4073 nec
514 3983 674 4072 fractae
700 4013 882 4101 pannos
911 3985 1175 4087 valetudini,
1213 4007 1287 4072 tan
1317 3987 1519 4076 ardenter

300 4123 405 4212 huic
424 4153 467 4210 se
489 4121 669 4208 eontulit
688 4121 850 4221 studio,
876 4139 921 4206 ut
941 4121 1061 4208 brevi
1078 4122 1303 4210 intervallo
1320 4127 1516 4213 seientis·

298 4263 438 4352 simus
462 4260 508 4347 in
540 4289 586 4346 re
613 4257 809 4378 herbaria
837 4259 1175 4365 existimaretur3
1213 4291 1292 4348 nec
1331 4261 1517 4378 reliquas

298 4398 611 4518 aspernabatur
650 4395 914 4484 naturalium
948 4426 1097 4484 rerum
1136 4397 1379 4516 disciplinas
1411 4407 1517 4502 (una

298 4558 479 4656 excepta
508 4533 787 4649 mineralogia
813 4536 837 4622 a
864 4563 949 4652 qua
971 4535 1178 4624 instinctu
1210 4538 1401 4657 quodam
1438 4539 1517 4622 ab·

299 4673 530 4781 horrebat)
555 4671 744 4791 aliosque
774 4673 925 4760 eadem
956 4671 997 4760 vi
1024 4703 1075 4762 ac
1109 4675 1347 4762 constantia
1377 4672 1517 4760 susei-

299 4813 448 4938 piebat
458 4811 642 4923 labores,
664 4844 754 4932 quo
771 4811 1084 4931 saetnruest,ut
1103 4815 1253 4933 paucis
1265 4813 1405 4917 annis,
1418 4841 1520 4934 prae
